
@online{ContainerAdoptionStatistics,
  title = {Container {{Adoption Statistics}}: {{The Future}} of the {{Container Market}}},
  shorttitle = {Container {{Adoption Statistics}}},
  url = {https://www.capitalone.com/tech/cloud/container-adoption-statistics/},
  urldate = {2021-06-04},
  abstract = {Learn about 2020 container adoption statistics and trends from 263 tech leaders in a report conducted by Forrester Consulting on behalf of Capital One.},
  file = {/home/javinator9889/Zotero/storage/AUDM5C7M/container-adoption-statistics.html},
  langid = {english},
  organization = {{Capital One}}
}

@online{ContainerAdoptionTrends,
  title = {6 {{Container Adoption Trends}} of 2020},
  url = {https://www.stackrox.com/post/2020/03/6-container-adoption-trends-of-2020/},
  urldate = {2021-06-04},
  abstract = {Here are today’s top 6 container adoption trends that we uncovered in our latest State of Container and Kubernetes Security survey report.},
  file = {/home/javinator9889/Zotero/storage/VAAFEL7I/6-container-adoption-trends-of-2020.html},
  langid = {english},
  organization = {{StackRox: Kubernetes and container security solution}}
}

@online{Containerd,
  title = {Containerd},
  url = {https://containerd.io/},
  urldate = {2021-06-03},
  abstract = {An industry-standard container runtime with an emphasis on simplicity, robustness, and portability},
  file = {/home/javinator9889/Zotero/storage/FMKHSCZ9/containerd.io.html},
  langid = {american}
}

@online{ContainerRuntimeDocker,
  title = {Container {{Runtime}} with {{Docker Engine}} | {{Docker}}},
  url = {https://www.docker.com/products/container-runtime},
  urldate = {2021-06-03},
  abstract = {Learn about Docker Engine, the industry-leading container runtime that enables containerized applications to run anywhere consistently on any infrastructure.},
  file = {/home/javinator9889/Zotero/storage/JPT7PDEJ/container-runtime.html},
  langid = {english}
}

@inreference{DependencyHell2021,
  title = {Dependency Hell},
  booktitle = {Wikipedia},
  date = {2021-05-29T02:07:20Z},
  url = {https://en.wikipedia.org/w/index.php?title=Dependency_hell&oldid=1025704309},
  urldate = {2021-06-03},
  abstract = {Dependency hell is a colloquial term for the frustration of some software users who have installed software packages which have dependencies on specific versions of other software packages.The dependency issue arises when several packages have dependencies on the same shared packages or libraries, but they depend on different and incompatible versions of the shared packages. If the shared package or library can only be installed in a single version, the user may need to address the problem by obtaining newer or older versions of the dependent packages. This, in turn, may break other dependencies and push the problem to another set of packages.},
  annotation = {Page Version ID: 1025704309},
  file = {/home/javinator9889/Zotero/storage/VPTVK6MI/index.html},
  langid = {english}
}

@online{DockerDesktopWSL2021,
  title = {Docker {{Desktop WSL}} 2 Backend},
  date = {2021-06-02T22:25:22+00:00},
  url = {https://docs.docker.com/docker-for-windows/wsl/},
  urldate = {2021-06-03},
  abstract = {Docker Desktop WSL 2 backend},
  file = {/home/javinator9889/Zotero/storage/Y7IU7QDA/wsl.html},
  langid = {english},
  organization = {{Docker Documentation}}
}

@online{DockerOverview2021,
  title = {Docker Overview},
  date = {2021-06-02T22:25:22+00:00},
  url = {https://docs.docker.com/get-started/overview/},
  urldate = {2021-06-03},
  abstract = {Docker explained in depth},
  file = {/home/javinator9889/Zotero/storage/5TV3LGRJ/overview.html},
  langid = {english},
  organization = {{Docker Documentation}}
}

@online{Download2018Docker2018,
  title = {Download the 2018 {{Docker Usage Report}}},
  date = {2018-05-29T13:00:45+00:00},
  url = {https://sysdig.com/blog/2018-docker-usage-report/},
  urldate = {2021-06-04},
  abstract = {Our 2nd annual Docker Usage Report provides insight into real-world customer container deployments over the past year. Read about increasing densities},
  file = {/home/javinator9889/Zotero/storage/3MKXR9IC/2018-docker-usage-report.html},
  langid = {american},
  organization = {{Sysdig}}
}

@online{EmpoweringAppDevelopment,
  title = {Empowering {{App Development}} for {{Developers}} | {{Docker}}},
  url = {https://www.docker.com/},
  urldate = {2021-05-07},
  abstract = {Learn how Docker helps developers bring their ideas to life by conquering the complexity of app development.},
  file = {/home/javinator9889/Zotero/storage/WVI8GCZB/www.docker.com.html},
  langid = {english}
}

@online{EvolutionDataStorage,
  title = {Evolution of {{Data Storage Timeline}}},
  url = {/gateway/data-storage-timeline/},
  urldate = {2021-05-07},
  abstract = {Everybody stores data. We often take the devices that store our data for granted, as they have become so inexpensive and efficient. But we’ve come a long way from the early days of computing. Take a look at 14 of the most important devices in the history of data storage.},
  file = {/home/javinator9889/Zotero/storage/VHZEP456/data-storage-timeline.html},
  organization = {{The Gateway}}
}

@online{EvolutionDataStoragea,
  title = {evolution of data storage | Data storage, Data, Evolution},
  url = {https://www.pinterest.com/pin/80994493271887313/},
  urldate = {2021-05-07},
  abstract = {Feb 8, 2016 - This Pin was discovered by Heather Coates. Discover (and save!) your own Pins on Pinterest},
  file = {/home/javinator9889/Zotero/storage/DKL6Z4YQ/32228953561734324.html},
  langid = {spanish},
  organization = {{Pinterest}}
}

@online{HistoryTechnologyTimeline,
  title = {History of {{Technology Timeline}}},
  url = {https://www.britannica.com/story/history-of-technology-timeline},
  urldate = {2021-05-07},
  abstract = {Learn more about the history of technology from the first tools to the space age to the computer age.},
  file = {/home/javinator9889/Zotero/storage/DASW5GG5/history-of-technology-timeline.html},
  langid = {english},
  organization = {{Encyclopedia Britannica}}
}

@online{HowBecomeWeb,
  title = {How {{To Become A Web Developer}} in 2021 — {{Everything You Need To Know}}},
  url = {https://careerfoundry.com/en/blog/web-development/what-does-it-take-to-become-a-web-developer-everything-you-need-to-know-before-getting-started/},
  urldate = {2021-05-07},
  abstract = {Wondering how to become a web developer in 2021 and land a well-paid job? Discover the necessary skills, qualifications and tools you'll need in this compreh...},
  file = {/home/javinator9889/Zotero/storage/EMWYU8GK/what-does-it-take-to-become-a-web-developer-everything-you-need-to-know-before-getting-started.html},
  langid = {english}
}

@online{kulshresthaDockerNetworkingExplore2020,
  title = {Docker {{Networking}} — {{Explore How Containers Communicate With Each Other}}},
  author = {Kulshrestha, Saurabh},
  date = {2020-09-10T10:00:33},
  url = {https://medium.com/edureka/docker-networking-1a7d65e89013},
  urldate = {2021-06-03},
  abstract = {This article on Docker Networking will introduce you to concepts such as Container Network Model \& Network Drivers with a Hands-On.},
  file = {/home/javinator9889/Zotero/storage/6CZSVIK2/docker-networking-1a7d65e89013.html},
  langid = {english},
  organization = {{Medium}}
}

@online{wattsStateContainersToday,
  title = {The {{State}} of {{Containers Today}}: {{A Report Summary}}},
  shorttitle = {The {{State}} of {{Containers Today}}},
  author = {Watts, Stephen},
  url = {https://www.bmc.com/blogs/state-of-containers/},
  urldate = {2021-06-04},
  file = {/home/javinator9889/Zotero/storage/KDHZ6QUK/state-of-containers.html},
  langid = {american},
  organization = {{BMC Blogs}}
}

@online{wecomputingtechStorageDevicesLondon,
  title = {Storage Devices London | {{We Computing Blog}}},
  author = {{WeComputingTech}},
  url = {http://www.wecomputing.com/blog/tag/storage-devices-london/},
  urldate = {2021-05-07},
  file = {/home/javinator9889/Zotero/storage/9D5CE9Z3/storage-devices-london.html},
  langid = {american}
}

@online{WhatContainerApp,
  title = {What Is a {{Container}}? | {{App Containerization}} | {{Docker}}},
  shorttitle = {What Is a {{Container}}?},
  url = {https://www.docker.com/resources/what-container},
  urldate = {2021-06-03},
  abstract = {A container is a standard unit of software that packages up code and all its dependencies so the application runs quickly and reliably from one computing environment to another. Learn more.},
  file = {/home/javinator9889/Zotero/storage/VSTRIJIZ/what-container.html},
  langid = {english}
}

@online{yegulalpWhatDockerSpark2019,
  title = {What Is {{Docker}}? {{The}} Spark for the Container Revolution},
  shorttitle = {What Is {{Docker}}?},
  author = {Yegulalp, Serdar},
  date = {2019-04-19T03:00-05:00},
  url = {https://www.infoworld.com/article/3204171/what-is-docker-the-spark-for-the-container-revolution.html},
  urldate = {2021-06-03},
  abstract = {Docker helps developers build lightweight and portable software containers that simplify application development, testing, and deployment},
  file = {/home/javinator9889/Zotero/storage/8MPN4LTW/what-is-docker-the-spark-for-the-container-revolution.html},
  langid = {english},
  organization = {{InfoWorld}}
}


